@article {Schwarz68,
   author = {Schwarz, H.},
   title = {Tridiagonalization of a symetric band matrix},
   journal = {Numerische Mathematik},
   publisher = {Springer Berlin / Heidelberg},
   issn = {0029-599X},
   keyword = {Mathematics and Statistics},
   pages = {231-241},
   volume = {12},
   issue = {4},
   year = {1968}
}

@INPROCEEDINGS{bischofmarquessun93,
      AUTHOR = {Bischof, C. and Marques, M. and Sun, X.},
      TITLE = {Parallel bandreduction and tridiagonalization},
      BOOKTITLE = {Proceedings of the Sixth SIAM Conference on Parallel
                   Processing for Scientific Computing},
      ORGANIZATION = {{SIAM}},
      VOLUME = {1},
      PAGES = {383--390},
      YEAR = {1993} 
 }
 
 @ARTICLE{crawford,
      AUTHOR = {Crawford, C.},
      TITLE = {Reduction of a band symmetric generalized eigenvalue problem},
      JOURNAL = {Comm. ACM},
      VOLUME = {16},
      NUMBER = {1},
      YEAR = {1973} 
 }
 
 @TECHREPORT{howellgeistrowan,
   AUTHOR = {Howell, G. and Geist, G. and Rowan, T.},
   TITLE = {{BHESS} Reduction of General Matrices to Small-Band Form},
   INSTITUTION = {Oak Ridge National Lab},
   TYPE = {Technical Report},
   NUMBER = {ORNL/TM-13344},
   MONTH = {March},
   YEAR = {1998} 
}

@ARTICLE{huffelpark1,
      AUTHOR = {Huffel, S. V. and Park, H.},
      TITLE = {Efficient Reduction Algorithms for Bordered Band Matrices},
      JOURNAL = {Numerical Linear Algebra with Applications},
      VOLUME = {2},
      NUMBER = {2},
      PAGES = {95--113},
      YEAR = {1995},
      NOTE = {special issue dedicated to B. Parlett and W. Kahan: part 1} 
}
 
 @ARTICLE{kaufman,
      AUTHOR = {Kaufman, L.},
      TITLE = {Banded eigenvalue solvers on vector machines},
      JOURNAL ={{ACM} Trans. Math. Soft.},
      YEAR = {1984},
      VOLUME = {10},
      PAGES = {73--86} 
}
 
 @ARTICLE{lang,
      AUTHOR = {Lang, B.},
      TITLE = {A parallel algorithm for reducing symmetric banded matrices
               to tridiagonal form},
      JOURNAL = {{SIAM} J. Sci. Comput.},
      VOLUME = {14},
      NUMBER = {6},
      MONTH = {November},
      YEAR = {1993} 
      PAGES = {1320--1338}
 }

@INPROCEEDINGS{prism:16,
      AUTHOR = {Bischof, C. and Sun, X. and Tsao, A. and Turnbull, T.},
      TITLE = {A Study of the Invariant Subspace Decomposition 
                Algorithm for Banded Symmetric Matrices},
      BOOKTITLE = {Proceedings of the Fifth SIAM Conference on Applied 
        Linear Algebra},
      PUBLISHER = {{IEEE} Computer Society Press},
      NOTE = {(Also Prism Working Note \#16 ftp.super.org:pub/prism)},
      MONTH = {June },
      YEAR = {1994} 
}

@INPROCEEDINGS{prism:17,
      AUTHOR = {Bischof, C. and Sun, X. and Lang, B.},
      TITLE = {Parallel Tridiagonalization through Two-step Band Reduction},
      BOOKTITLE = {Proceedings of the Scalable High-Performance Computing Conference},
      PUBLISHER = {{IEEE} Computer Society Press},
      NOTE = {(Also Prism Working Note \#17 ftp.super.org:pub/prism)},
      MONTH = {May},
      YEAR = {1994},
      PAGES = {23-27} 
}

@ARTICLE{scott,
      AUTHOR = {Scott, D.},
      TITLE = {Computing a few eigenvalues and eigenvectors of a symmetric 
               band matrix},
      JOURNAL = {{SIAM} J. Sci. Stat. Comput.},
      YEAR = {1984},
      MONTH = {September},
      VOLUME = {5},
      NUMBER = {3},
      PAGES = {658--666}   
}

@incollection {BIKQ10,
   author = {Bientinesi, Paolo and Igual, Francisco and Kressner, Daniel and Quintana-Ort’, Enrique},
   affiliation = {AICES, RWTH Aachen University 52074 Aachen Germany},
   title = {Reduction to Condensed Forms for Symmetric Eigenvalue Problems on Multi-core Architectures},
   booktitle = {Parallel Processing and Applied Mathematics},
   series = {Lecture Notes in Computer Science},
   editor = {Wyrzykowski, Roman and Dongarra, Jack and Karczewski, Konrad and Wasniewski, Jerzy},
   publisher = {Springer Berlin / Heidelberg},
   isbn = {},
   pages = {387-395},
   volume = {6067},
   year = {2010}
}

@MISC{RD09,
    author = {Rajamanickam, S. and Davis, T.},
    title = {Blocked Band Reduction for Symmetric and Unsymmetric Matrices},
    year = {2009},
    JOURNAL = {{ACM} Trans. Math. Soft},
    VOLUME = {5},
    NUMBER = "N, M 20YY"
}


@Article{Bischof:2000:FSB,
  author =       "Bischof, C. and Lang, B. and Sun, X.",
  title =        "A Framework for Symmetric Band Reduction",
  journal =      "{ACM} Trans. Math. Soft.",
  volume =       "26",
  number =       "4",
  pages =        "581--601",
  month =        {December},
  year =         "2000"
}

